@online{skybraryATM,
  author    = {{SKYbrary Aviation Safety  }},
  title     = {Air Traffic Management (ATM)},
  year      = {2023},
  url       = {https://skybrary.aero/articles/air-traffic-management-atm},
  note      = {Accessed: 2025-05-04}
}

@article{Schuchardt_2023, 
    title={Air Traffic Management as a vital part of Urban Air Mobility—a review of DLR's research work from 1995 to 2022}, 
    volume={10}, 
    DOI={10.3390/aerospace10010081}, 
    number={1}, 
    journal={Aerospace}, 
    author={Schuchardt, Bianca I. and Geister, Dagi and Lüken, Thomas and Knabe, Franz and Metz, Isabel C. and Peinecke, Niklas and Schweiger, Karolin}, 
    year={2023}, 
    month={1}, 
    pages={81}
} 

@article{Vance_2019, 
    title={Autonomous airliners anytime soon?}, 
    volume={6}, 
    DOI={10.15394/ijaaa.2019.1402}, 
    number={4}, 
    journal={International Journal of Aviation, Aeronautics, and Aerospace}, 
    author={Vance, Samuel M. and Bird, Evan C. and Tiffin, Daniel J.}, 
    year={2019}
} 

@article{Tafur_2025, 
    title={Applications of artificial intelligence in air operations: A systematic review}, 
    volume={25}, 
    DOI={10.1016/j.rineng.2024.103742}, 
    journal={Results in Engineering}, 
    author={Tafur, Cristian Lozano and Camero, Rosa Gabriela and Rodríguez, Didier Aldana and Rincón, Juan Carlos and Saenz, Edwin Rativa}, 
    year={2025}, 
    month={3}, 
    pages={103742}
} 

@online{careerroo2024technology,
  title     = {The Role of Technology in Modern Air Traffic Control},
  author    = {{Careerroo}},
  year      = {2024},
  month     = {4},
  day       = {5},
  url       = {https://www.careerroo.com/magazine/the-role-of-technology-in-modern-air-traffic-control/},
  note      = {Accessed: 2025-05-05}
}

@online{dfs2025controller,
  author       = {{DFS Deutsche Flugsicherung GmbH}},
  title        = {The job of an air traffic controller},
  year         = {2025},
  url          = {https://www.dfs.de/dfs_karriereportal_2016/en/Becoming%20an%20air%20traffic%20controller/},
  note         = {Accessed: 2025-05-05}
}

@article{Meier_2024, 
    title={Flexible Air Traffic Controller Deployment with Artificial Intelligence based Decision Support: Literature Survey and Evaluation Framework}, 
    DOI={10.25967/630258}, 
    journal={Deutsche Gesellschaft für Luft- und Raumfahrt - Lilienthal-Oberth e.V.}, 
    author={Meier, J. and Finke, M. and Ohneiser, O. and Jameel, M.}, 
    year={2024}
} 

@online{skybrary2025automation,
  author    = {{SKYbrary}},
  title     = {Automation and ATM},
  year      = {2025},
  url       = {https://skybrary.aero/articles/automation-and-atm},
  note      = {Accessed: 2025-05-05}
}

@article{Rumba_2020, 
    title={The Wild West of drones: A review on autonomous- UAV traffic-management}, 
    DOI={10.1109/icuas48674.2020.9214031}, 
    journal={2020 International Conference on Unmanned Aircraft Systems (ICUAS)}, 
    author={Rumba, Rudolfs and Nikitenko, Agris}, 
    year={2020}, 
    month={Sep}
} 